<?xml version="1.0" encoding="UTF-8"?><record xmlns="http://www.loc.gov/MARC21/slim" xmlns:cinclude="http://apache.org/cocoon/include/1.0" xmlns:zs="http://www.loc.gov/zing/srw/">
  <leader>00415nz  a2200121n  4500</leader>
  <controlfield tag="001">n  92054532 </controlfield>
  <controlfield tag="003">DLC</controlfield>
  <controlfield tag="005">19920519150220.4</controlfield>
  <controlfield tag="008">920519n| acannaab|          |n aad |||  </controlfield>
  <datafield tag="010" ind1=" " ind2=" ">
    <subfield code="a">n  92054532 </subfield>
  </datafield>
  <datafield tag="040" ind1=" " ind2=" ">
    <subfield code="a">DLC</subfield>
    <subfield code="c">DLC</subfield>
  </datafield>
  <datafield tag="100" ind1="1" ind2="0">
    <subfield code="a">Moore, Euna A.</subfield>
    <subfield code="q">(Euna Alva)</subfield>
  </datafield>
  <datafield tag="670" ind1=" " ind2=" ">
    <subfield code="a">nuc92-2394: Steven, D.M. Primary and secondary production in the tropical Atlantic, 1970</subfield>
    <subfield code="b">(hdg. on CaQMM rept.: Moore, Euna Alva; usage: Euna A. Moore)</subfield>
  </datafield>
</record>